@article{hinton2015distilling,
  title={Distilling the knowledge in a neural network},
  author={Hinton, Geoffrey and Vinyals, Oriol and Dean, Jeff},
  journal={arXiv preprint arXiv:1503.02531},
  year={2015}
}
@article{rabiner1989tutorial,
  title={A tutorial on hidden Markov models and selected applications in speech recognition},
  author={Rabiner, Lawrence R},
  journal={Proceedings of the IEEE},
  volume={77},
  number={2},
  pages={257--286},
  year={1989},
  publisher={Ieee}
}
@article{kingma2014adam,
  title={Adam: A method for stochastic optimization},
  author={Kingma, Diederik P and Ba, Jimmy},
  journal={arXiv preprint arXiv:1412.6980},
  year={2014}
}
@misc{chollet2015keras,
  title={Keras},
  author={Chollet, Fran\c{c}ois and others},
  year={2015},
  howpublished={\url{https://keras.io}},
}
@article{hearst1998support,
  title={Support vector machines},
  author={Hearst, Marti A. and Dumais, Susan T and Osuna, Edgar and Platt, John and Scholkopf, Bernhard},
  journal={IEEE Intelligent Systems and their applications},
  volume={13},
  number={4},
  pages={18--28},
  year={1998},
  publisher={IEEE}
}
@inproceedings{dalal2005histograms,
  title={Histograms of oriented gradients for human detection},
  author={Dalal, Navneet and Triggs, Bill},
  booktitle={Computer Vision and Pattern Recognition, 2005. CVPR 2005. IEEE Computer Society Conference on},
  volume={1},
  pages={886--893},
  year={2005},
  organization={IEEE}
}
@article{howard2017mobilenets,
  title={Mobilenets: Efficient convolutional neural networks for mobile vision applications},
  author={Howard, Andrew G and Zhu, Menglong and Chen, Bo and Kalenichenko, Dmitry and Wang, Weijun and Weyand, Tobias and Andreetto, Marco and Adam, Hartwig},
  journal={arXiv preprint arXiv:1704.04861},
  year={2017}
}
@inproceedings{liu2016ssd,
  title={Ssd: Single shot multibox detector},
  author={Liu, Wei and Anguelov, Dragomir and Erhan, Dumitru and Szegedy, Christian and Reed, Scott and Fu, Cheng-Yang and Berg, Alexander C},
  booktitle={European conference on computer vision},
  pages={21--37},
  year={2016},
  organization={Springer}
}
@INPROCEEDINGS{1336451, 
author={H. Shimizu and T. Poggio}, 
booktitle={IEEE Intelligent Vehicles Symposium, 2004}, 
title={Direction estimation of pedestrian from multiple still images}, 
year={2004}, 
volume={}, 
number={}, 
pages={596-600}, 
keywords={motion estimation;feature extraction;image sequences;image classification;support vector machines;vehicles;mobile robots;pedestrian walking direction estimation;multiple still images;autonomous vehicles;image classification;SVM;system performance;walking sequence;feature extraction;Humans;Biological system modeling;Legged locomotion;Shape;Face detection;Image segmentation;Pixel;Wavelet coefficients;Support vector machines;Histograms}, 
doi={10.1109/IVS.2004.1336451}, 
ISSN={}, 
month={June},}

@INPROCEEDINGS{8259689, 
author={S. Larabi and A. Bensebaa}, 
booktitle={2017 International Conference on Mathematics and Information Technology (ICMIT)}, 
title={Estimation of pedestrian walking direction from video}, 
year={2017}, 
volume={}, 
number={}, 
pages={13-18}, 
keywords={cameras;feature extraction;geometry;image segmentation;image sequences;motion estimation;pedestrians;traffic engineering computing;projective geometry based method;image sequence analysis;point estimation;3D parallel lines;binary segmentation;3D pedestrian motion direction estimation;vanishing point estimation;Foot;Head;Three-dimensional displays;Estimation;Legged locomotion;Cameras;Pedestrian;Direction;Feet;Head;Silhouette;Vanishing point;Projective Geometry}, 
doi={10.1109/MATHIT.2017.8259689}, 
ISSN={}, 
month={Dec},}

@INPROCEEDINGS{4621257, 
author={T. Gandhi and M. M. Trivedi}, 
booktitle={2008 IEEE Intelligent Vehicles Symposium}, 
title={Image based estimation of pedestrian orientation for improving path prediction}, 
year={2008}, 
volume={}, 
number={}, 
pages={506-511}, 
keywords={computer vision;hidden Markov models;object detection;road safety;support vector machines;image based estimation;path prediction;driver assistance systems;pedestrian protection system;support vector machine;discrete probability distribution;hidden Markov model;Vehicles}, 
doi={10.1109/IVS.2008.4621257}, 
ISSN={1931-0587}, 
month={June},}

@article{dalal2005inria,
  title={INRIA person dataset},
  author={Dalal, Navneet and Triggs, Bill},
  journal={Online: http://pascal. inrialpes. fr/data/human},
  year={2005}
}

@article{zheng2005casia,
  title={CASIA Gait Database collected by Institute of Automation, Chinese Academy of Sciences, CASIA Gait Database},
  author={Zheng, Shuai},
  journal={Available: sinobiometrics. com},
  year={2005}
}